@misc{foo,
    author = {Thomas Levine},
    title = {},
    year = 2013,
    howpublished = {\url{http://exoplanet.eu/catalog.php}}
}
