
> ([Emma Gertlowitz](http://www.newyorker.com/humor/2012/11/19/121119sh_shouts_rudnick))

whitehouse
<iframe width="560" height="315" src="http://www.youtube.com/embed/JwuEnyV1Cb0" frameborder="0" allowfullscreen></iframe>
