@misc{open-data-census,
    author = {Open Knowledge Foundation},
    title = {Open Data Census},
    year = 2013,
    howpublished = {\url{http://census.okfn.org/}}
}
